% This file was created with JabRef 2.7b.
% Encoding: UTF8


%===========================Beginn der Buchquellen===========================%

@BOOK{chemie-basiswissen,
	author = {H. P. Latscha and M. Mutz},
	title = {Chemie der Elemente, Chemie-Basiswissen IV},
	edition = {},
	editor = {},
	publisher = {Springer Verlag},
	howpublished = {},
	organization = {},
	year = {2011},
	pages = {188-190},
	note = {},
	isbn = {978-3-642-16914-4},
	doi = {10.1007/978-3-642-16915-1}
},




%====================Beginn der Artikel- und Paperquellen====================%

@ARTICLE{paper-NIMPR-e-gun-shi,
	author = {},
	title = {},
	journal = {},
	volume = {},
	organization = {},
	year = {2003},
	number = {},
	pages = {201 - 206},
	note = {},
	isbn = {},
	doi = {}
},


%=================Beginn der Konfernezquellen================%

@CONFERENCE{xe-dust-fusion,
	author = {K. G. Watkins and J. F. Asmus and G. F Counsell},
	title = {Dust Removal from Next Generation Tokamaks by Laser and Flashlamp Cleaning},
	booktitle ={20th International Congress on Application of Lasers and Electro-Optics},
	volume = {},
	organization = {},
	year = {2001},
	month = {Oct},
	number = {},
	pages = {},
	note = {}
},



%=================Beginn der Master- und Doktor-Thesisquellen================%

@MASTERSTHESIS{master,
	author = {},
	title = {E},
	type = {Master-Thesis},
	address = {},
	organization = {I},
	school = {},
	year = {2011},
	pages = {},
	note = {},
	url = {}
},

@PHDTHESIS{doktor,
	author = {PersonA, Alfred und PersonB, Ingo und PersonC, Dirk},
	title = {test-Titel},
	type = {Dissertation},
	address = {},
	organization = {Institut},
	school = {Justus-Liebig-Universität Gießen},
	year = {1993},
	pages = {0808},
	note = {test-Notiz-ISSN},
	url/doi = {www.test-url.de}
},

%=====================Beginn der Vertiefungsmodul-Quellen===================%

@MASTERSTHESIS{vertief,
	author = {},
	title = {},
	type = {},
	address = {},
	organization = {},
	year = {2015},
	pages = {},
	note = {},
	url = {}
},

%===================Beginn der unveröffentlichter Quellen===================%

@UNPUBLISHED{mail,
	author = {},
	title = {Persönliche Auskunft im Februar 2017},
	edition = {},
	editor = {},
	publisher = {},
	howpublished = {},
	organization = {},
	year = {2017},
	note = {},
	url = {}
},


%===================Beginn der Anleitungen Quellen===================%

@MANUAL{macor-corning,
	author = {{Corning Inc.}},
	title = {MACOR$^{\circledR}$, Maschinell bearbeitbare Glaskeramik für Industrieanwendung},
	edition = {2012},
	publisher = {},
	howpublished = {},
	address = {},
	organization = {},
	year = {2012},
	number = {},
	pages = {},
	note = {},
	url = {https://www.corning.com/media/worldwide/csm/documents/71759a443535431395eb34ebead091cb.pdf}
},


%===================Beginn der Zeichnungen Quellen===================%

@MANUAL{techn-zeich,
	author = {},
	title = {},
	edition = {2013},
	publisher = {},
	howpublished = {},
	address = {},
	organization = {},
	year = {2013},
	number = {},
	pages = {},
	note = {},
	url = {}
},


%====================Beginn der Messwerte-/Internetquellen=========================%

@MISC{austrittsarbeit,
	author = {},
	title = {Austrittsarbeit},
	edition = {},
	editor = {},
	publisher = {Spektrum Akademischer Verlag},
	howpublished = {},
	year = {1998},
	lastchecked = {11.07.2015},
	note = {Uhrzeit: 16:04},
	url = {http://www.spektrum.de/lexikon/physik/austrittsarbeit/1067}
},

@MISC{schliesser-relais,
	author = {},
	title = {Öffner und Schliesser},
	edition = {},
	editor = {},
	publisher = {Elektricks.de},
	howpublished = {},
	year = {1998},
	lastchecked = {11.01.2017},
	note = {Uhrzeit: 16:04},
	url = {http://elektricks.com/oeffner-und-schliesser/}
},





